<record><leader>00000cas a22000007a 4500</leader><controlfield tag="001">19744220</controlfield><controlfield tag="008">890522c190u9999gaudr ne      0    0eng d</controlfield><datafield ind1=" " ind2=" " tag="010"><subfield code="a">sn 89053577 </subfield></datafield><datafield ind1=" " ind2=" " tag="040"><subfield code="a">NLG</subfield><subfield code="b">eng</subfield><subfield code="c">NLG</subfield><subfield code="d">NSD</subfield><subfield code="d">CNW</subfield><subfield code="d">CNK</subfield><subfield code="d">OCLCQ</subfield><subfield code="d">GUA</subfield><subfield code="d">OCLCQ</subfield><subfield code="d">OCLCF</subfield><subfield code="d">OCLCO</subfield></datafield><datafield ind1=" " ind2=" " tag="012"><subfield code="m">X</subfield></datafield><datafield ind1="1" ind2=" " tag="029"><subfield code="a">AU@</subfield><subfield code="b">000020554171</subfield></datafield><datafield ind1=" " ind2=" " tag="032"><subfield code="a">012320</subfield><subfield code="b">USPS</subfield></datafield><datafield ind1=" " ind2=" " tag="042"><subfield code="a">msc</subfield></datafield><datafield ind1=" " ind2=" " tag="043"><subfield code="a">n-us-ga</subfield></datafield><datafield ind1="0" ind2=" " tag="130"><subfield code="a">Albany herald (Albany, Ga.)</subfield></datafield><datafield ind1="1" ind2="4" tag="245"><subfield code="a">The Albany herald.</subfield></datafield><datafield ind1="1" ind2=" " tag="246"><subfield code="i">Issues published on Sunday have title:</subfield><subfield code="a">Albany Sunday herald</subfield><subfield code="f">&lt;July 8, 1990-&gt;</subfield></datafield><datafield ind1=" " ind2=" " tag="260"><subfield code="a">Albany, Ga. :</subfield><subfield code="b">Herald Pub. Co.</subfield></datafield><datafield ind1=" " ind2=" " tag="300"><subfield code="a">v.</subfield></datafield><datafield ind1=" " ind2=" " tag="310"><subfield code="a">Daily,</subfield><subfield code="b">Feb. 5, 1938-</subfield></datafield><datafield ind1=" " ind2=" " tag="321"><subfield code="a">Daily (except Saturday),</subfield><subfield code="b">Mar. 21, 1937-Feb. 4, 1938</subfield></datafield><datafield ind1=" " ind2=" " tag="321"><subfield code="a">Daily (except Sunday),</subfield><subfield code="b">&lt;Oct. 1, 1907&gt;-Mar. 19, 1937</subfield></datafield><datafield ind1=" " ind2=" " tag="588"><subfield code="a">Description based on: Vol. 16, no. 288 (Oct. 1, 1907).</subfield></datafield><datafield ind1=" " ind2=" " tag="588"><subfield code="a">Latest issue consulted: Vol. 108, no. 224 (June 7, 2000).</subfield></datafield><datafield ind1=" " ind2="0" tag="651"><subfield code="a">Albany (Ga.)</subfield><subfield code="v">Newspapers.</subfield></datafield><datafield ind1=" " ind2="0" tag="651"><subfield code="a">Dougherty County (Ga.)</subfield><subfield code="v">Newspapers.</subfield></datafield><datafield ind1=" " ind2="7" tag="655"><subfield code="a">Newspapers.</subfield><subfield code="2">fast</subfield><subfield code="0">(OCoLC)fst01423814</subfield></datafield><datafield ind1=" " ind2="7" tag="651"><subfield code="a">Georgia</subfield><subfield code="z">Albany.</subfield><subfield code="2">fast</subfield><subfield code="0">(OCoLC)fst01215429</subfield></datafield><datafield ind1=" " ind2="7" tag="651"><subfield code="a">Georgia</subfield><subfield code="z">Dougherty County.</subfield><subfield code="2">fast</subfield><subfield code="0">(OCoLC)fst01211867</subfield></datafield><datafield ind1=" " ind2=" " tag="752"><subfield code="a">United States</subfield><subfield code="b">Georgia</subfield><subfield code="c">Dougherty</subfield><subfield code="d">Albany.</subfield></datafield><datafield ind1=" " ind2=" " tag="752"><subfield code="a">United States</subfield><subfield code="b">Georgia</subfield><subfield code="c">Baker.</subfield></datafield><datafield ind1="0" ind2=" " tag="775"><subfield code="t">Albany weekly herald</subfield><subfield code="w">(DLC)sn 89053576</subfield><subfield code="w">(OCoLC)19744202</subfield></datafield><datafield ind1="0" ind2="0" tag="780"><subfield code="t">Albany daily herald (Albany, Ga.)</subfield><subfield code="w">(DLC)sn 87090005</subfield><subfield code="w">(OCoLC)15229624</subfield></datafield><datafield ind1="0" ind2="5" tag="780"><subfield code="t">Lee County herald</subfield><subfield code="w">(DLC)  2004233854</subfield><subfield code="w">(OCoLC)56880977</subfield></datafield></record>